% This file was created
% By D.CHIBOUTI
%
%--------------------------------------------------------------------------------
%--------------------------------------------------------------------------------
%	PhD-THESES
%--------------------------------------------------------------------------------
%--------------------------------------------------------------------------------


%--------------------------------------------------------------------------------
%	ARTICLES
%--------------------------------------------------------------------------------

@article{CHIBOUTI2020,
title = "Jump in the conduction heat flux at the gas/solid interface in micro-channels",
journal = "International Journal of Thermal Sciences",
volume = "159",
year = "2021",
issn = "1290-0729",
doi = "https://doi.org/10.1016/j.ijthermalsci.2020.106599",
url = "http://www.sciencedirect.com/science/article/pii/S1290072920310498",
author = "Dahia Chibouti and Benoît Trouette and Eric Chénier",
keywords = "Heat transfer, Micro-channel, Microfluidics, Rarefied gas, Slip flow, Temperature jump, Heat flux jump",
abstract = "In micro-channel gas flows, velocity slip and temperature jump must be applied at the fluid/solid interface to take the thermodynamic non-equilibrium into account in the vicinity of the wall. In this work, simulations at molecular scale have been carried out and shown a jump in the conduction heat flux, in agreement with the boundary condition proposed by Maslen (1958) [1] in continuum mechanics."
}


%--------------------------------------------------------------------------------
%--------------------------------------------------------------------------------
%	BOOKS
%--------------------------------------------------------------------------------
%--------------------------------------------------------------------------------

@book{TheArt,
author = {C Rapaport, D},
title = {The art of molecular dynamics simulation},
year = {2004},
pages = {565},
publisher = {Cambridge University Press},
}
%--------------------------------------------------------------------------------
